% Time-stamp: <lfcc.bib   1 Aug 2006 09:49:18>
% $Id: lfcc.bib,v 1.6 2006/02/10 07:50:42 carton Exp $

% Références sur les suites automatiques
@Book{Allouche03,
  author = 	 {J-P.Allouche and J.Shallit},
  title = 	 {Automatic sequences},
  publisher = 	 {Cambridge University Press},
  volume =       1,
  year = 	 2003
}

@InCollection{Allouche05,
  author =       {J-P.Allouche},
  title =   {Automates et alg\'ebricit\'e},
  booktitle =    {Journal de Th\'eorie des Nombres de BORDEAUX},
  publisher =    {Universit\'e Bordeaux 1},
  year =    2005,
  volume =  {17},
  pages =        {1--11}
}

